2260 3918
40 148 44 154 ’
81 199 178 275 -uv
195 137 806 280 ravrnnorrvrorvscvza.
826 197 910 296 '115
948 215 1001 314 ῃ
1072 299 1074 309 .

30 377 212 486 praecipue
232 409 307 457 cum
329 387 405 458 viris
431 369 635 484 'principibus
657 385 909 468 conversandum

32 485 111 558 elle.
138 509 143 514 ·
162 483 337 559 Traditus
356 485 397 556 de
411 481 576 574 nobilitate
592 508 610 554 a
629 484 752 558 Wolfio
764 489 909 562 inGrae·
1041 513 1044 520 ’

32 585 80 675 ci's
109 585 288 670 An'ec'dotis
310 587 412 658 editus
436 582 551 678 Nostri
573 593 644 656 non
663 583 724 657 eli:
748 587 838 685 quod
858 587 908 664 vel
954 611 987 662 f.
1031 637 1034 657 ι

32 687 98 760 iola
113 679 224 782 jejuna
238 686 402 798 etfloloeca
421 681 519 769 didio
535 683 704 774 manifesto
716 685 848 790 probat.
984 750 990 762 ,

82 787 250 859 Editiones
264 787 422 862 Plutarchi
436 783 666 884 opusculorum
680 791 736 886 qui
748 787 839 860 nolle
852 791 909 864 ve'·

31 891 89 972 lit,
116 888 169 958 llle
180 893 225 960 T.
239 891 296 960 ΙΙΙ.
319 887 402 977 Bibl.
418 891 560 962 Graecae
573 885 828 962 Fabriciiudeut
853 889 910 962 Al·
959 877 962 885 ’
1041 967 1047 975 ‚

30 991 113 1062 dina
127 991 280 1088 princeps
293 988 332 1059 ad
342 1011 478 1074 manum
498 987 579 1060 mihi
597 1013 665 1079 non
676 989 755 1090 luit,
789 995 852 1087 Ex
867 1015 906 1065 ea

30 1104 204 1186 excerptas
221 1092 322 1162 varim
343 1087 497 1162 letlioues
522 1088 652 1162 exhibet
673 1089 907 1166 Franciurtane

32 1217 123 1264 anno
147 1195 254 1264 1620.
281 1205 405 1274 curata,
422 1189 462 1261 ad
480 1191 572 1286 cujus
591 1191 725 1289 paginas
745 1207 778 1264 et
801 1191 906 1266 versus

31 1294 119 1364 hanc
136 1293 276 1389 opellam
294 1291 547 1380 accommodavi.
600 1296 687 1364 Cum
704 1291 841 1365 Aldinae
853 1318 906 1367 vt·

32 1393 192 1466 'riantibus
213 1392 311 1464 habes
331 1391 375 1464 ibi
388 1417 520 1489 quoque
533 1377 692 1464 variintes
715 1417 753 1462 er
766 1393 907 1470 editione

33 1491 207 1566 Balileeule
237 1491 468 1587 codicibusque
493 1493 626 1585 calamo*
646 1495 778 1562 exaratis
804 1493 907 1566 tribus
1000 1517 1002 1525 ’

34 1595 170 1688 gallicis,
191 1589 909 1674 Vulcobiano,TurnebinoetPetavianoex·
1043 1594 1046 1604 '

35 1712 173 1792 cerptas.
208 1691 318 1788 Sedisr
339 1688 517 1762 Baiileenfis
532 1691 618 1762 edito
632 1689 783 1784 Aldinam
799 1689 909 1768 eralie

37 1799 158 1867 imitata
172 1793 233 1865 fuit
246 1809 277 1864 ct
292 1791 427 1864 fideliter
440 1791 594 1874 reddidit,
605 1791 728 1866 necelle
749 1791 804 1876 cst,
821 1797 907 1892 quis·
985 1857 989 1864 .

37 1899 108 1993 quis
124 1894 177 1968 ille
191 1895 300 1977 fuerit,
327 1895 381 1990 qui
398 1893 591 1986 farraginem
611 1894 698 1966 illam
713 1897 908 1971 variantium
978 1969 984 1978 ,

38 1996 241 2095 compilavit,
271 2011 307 2066 ut
320 1995 372 2065 ille
385 1995 470 2064 haud
486 1995 651 2086 diligenter
668 1991 755 2068 suum
774 1999 909 2100 provin·

39 2099 121 2170 ciam
136 2087 369 2170 administrarit.
420 2095 456 2165 Id
477 2091 637 2166 affirmare
653 2092 794 2192 polium,
806 2111 838 2168 et
853 2117 908 2170 cx'·

40 2191 234 2296 emplisnon
252 2199 360 2295 paucis
379 2193 494 2294 inipso
514 2195 620 2294 opella
640 2193 749 2266 nostra
771 2197 909 2277 demon·
997 2251 1003 2260 .
1088 2249 1090 2256 -

40 2297 170 2370 ſtratum
189 2299 280 2380 dedi,
304 2322 423 2391 magna
448 2296 643 2390 negligentia
663 2321 739 2368 eum
764 2293 908 2371 erlile·
972 2309 978 2318 “

42 2397 110 2472 enle
132 2399 271 2470 editione
289 2402 445 2470 variantes
472 2390 666 2496 excerplrllei
730 2397 909 2472 Frobenia·

43 2525 102 2574 nae
119 2501 215 2596 hujus
237 2500 382 2572 editionis
407 2516 539 2572 curator
556 2498 772 2570 reddiderime
786 2497 909 2598 ubique
1029 2577 1031 2587 ,

43 2600 190 2674 Aldinam
203 2599 361 2694 religiose,
385 2627 426 2672 an
445 2599 605 2670 indulserit
622 2599 741 2696 aliquid
760 2603 908 2700 ingenio,

44 2727 82 2774 an
104 2702 242 2800 denique
261 2697 485 2774 austoritatem
513 2701 663 2772 codicum
679 2725 781 2779 manu
797 2727 904 2774 exora*
968 2703 981 2759 J

45 2817 150 2876 torum
172 2801 292 2876 secutus
308 2801 422 2885 firerit,
444 2803 500 2900 qui
516 2825 617 2898 penes
632 2825 709 2873 eum
724 2797 834 2884 client,
847 2805 907 2876 mi·

45 2901 75 2976 hi
90 2895 159 2979 nori
175 2903 286 3002 liquet.
335 2903 526 2977 Dolendum
542 2904 654 2997 utique
673 2903 798 3001 primos
822 2904 907 2988 illos,

47 3019 75 3076 et
90 3009 206 3104 p'rimis
225 3006 402 3104 prosimos
419 3017 564 3076 veterum
590 3001 748 3074 librorum
767 2997 907 3090 editores

47 3123 96 3178 eut
109 3101 442 3180 nullasaddidissesuis
462 3101 656 3176 editionibus
677 3103 907 3199 praefationes,
928 3113 932 3123 ’
987 3117 989 3122 ·

48 3222 96 3277 tut
120 3208 231 3280 casin
256 3206 334 3281 locis
354 3203 597 3286 communibus,
608 3206 712 3305 iisque
741 3197 822 3283 levita
840 3199 908 3304 ple·

48 3328 181 3407 rumque
207 3311 382 3390 momenti,
421 3302 639 3390 conlumfille,
670 3301 779 3401 quod¹
797 3319 906 3402 cutem

48 3407 148 3482 rostra
165 3409 305 3482 maritire
323 3404 588 3498 intereratnolle,
608 3404 832 3502 quibusname
853 3425 907 3473 co·

50 3507 166 3598 dubus
185 3509 254 3584 suus
277 3510 434 3586 editiones
455 3502 629 3604 divinent,
642 3501 684 3572 'et
700 3496 908 3670 mjmfiillm

115 3617 117 3628 '
436 3611 547 3680 ·H2
851 3609 909 3669 ent
