2260 3918
181 87 549 242 ‘normam
570 143 648 220 An
670 140 1033 262 narranaam

1 360 6 373 ⁸
118 403 125 410 .
176 345 185 404 .’
197 348 233 418 in
260 341 343 414 calce
374 302 625 411 Francfurtanae
664 297 860 420 nebeim,
897 329 922 403 fi
961 347 1075 430 porro

197 443 311 520 Rualdi
345 455 377 510 rt
410 438 546 532 Bryani
570 431 786 517 editionibus,
805 454 811 466 ¹·
822 431 941 530 illaque
974 441 1078 534 Apo.

45 541 47 544 ⁵
96 611 110 632 „
198 544 461 646 phthegmatum,
484 560 584 631 quam
596 535 748 604 Mattaire
765 535 894 615 curarit,
921 558 992 606 non
1019 559 1078 605 ca-

198 631 492 724 rossemanum
515 635 594 712 haec
616 633 721 731 opella
753 629 939 730 pesfflffior·
973 667 976 676 ,
1005 635 1080 710 Sed

144 771 147 782 ,
199 740 429 841 relinquendae
446 735 521 808 sunt
541 733 611 806 suae
640 747 747 832 partes
769 733 882 806 futuro
906 735 1076 809 Plutarchi

32 901 36 908 ,
118 906 136 920 ,η
200 848 337 926 editoris
349 859 559 939 quaecunque
574 835 752 907 hominum
764 850 848 907 aetas
861 861 937 908 eum
948 837 1076 918 tulerit,

79 961 83 965 ’
140 969 142 972 ·
198 949 335 1024 Interim
349 943 388 1012 de
409 937 511 1010 rebus.
521 935 714 1034 quibusdam
734 935 774 1006 ad
793 934 957 1010 Nostrum
971 943 1080 1037 perti.

14 1049 17 1058 ’
91 1039 92 1042 “
201 1044 353 1121 uentibus
369 1065 432 1139 per
449 1039 577 1111 uncem
595 1037 741 1118 laturam,
758 1035 848 1133 quod
860 1038 972 1134 ajunt,
984 1037 1082 1112 dille.

135 1171 137 1176 ’
201 1149 336 1227 remus,
359 1142 423 1214 hoc
439 1137 496 1228 est,
510 1135 801 1212 adversaria-nostra
813 1142 1024 1234 excutiemus.
1077 1180 1086 1186 -

91 1307 95 1324 .
168 1259 175 1282 ³
254 1253 307 1320 De
319 1247 383 1316 vita
403 1240 563 1312 Plutarchi
584 1238 733 1314 narrandi
749 1238 845 1310 nobis
865 1243 968 1312 otium
989 1241 1080 1316 fece-

194 1363 282 1424 „runt
303 1343 455 1425 Rualdus,
474 1341 642 1422 Corfinus;
656 1339 830 1423 Fabricius,
853 1339 993 1438 Jonfius,
1009 1345 1079 1416 alii.

206 1441 271 1548 qu'e
287 1449 348 1520 viri
362 1440 461 1530 dolii,
487 1467 549 1513 nos
568 1441 626 1548 ipfi
646 1465 779 1544 quoque
795 1445 831 1512 in
858 1467 896 1513 ea
915 1441 1019 1516 nostri
1041 1446 1080 1517 li.

71 1557 72 1562 ’
116 1559 120 1570 ’
204 1549 282 1624 belli
298 1561 407 1646 parte,
433 1569 516 1644 quae
536 1541 698 1615 sermones
716 1542 893 1643 convivales
916 1543 1079 1644 persequi·

66 1661 68 1668 ’
177 1660 181 1668 ’
206 1666 277 1733 tur,
301 1647 449 1721 vide‘mur
466 1642 563 1733 nobis
586 1644 675 1715 locos
694 1644 852 1742 quosdam
876 1645 917 1717 ad
943 1671 997 1716 res
1018 1649 1079 1718 viri

207 1745 345 1850 privatas
360 1749 558 1844 pertinentes
574 1741 704 1828 rebilus,
714 1769 814 1845 quam
821 1743 861 1818 ab
872 1745 938 1816 aliis
951 1743 1079 1821 factum

209 1853 288 1932 fuit,
301 1843 484 1946 exposuisse.
558 1912 570 1920 ,
666 1901 672 1910 ,

130 2023 133 2030 .
216 1983 219 1992 ·
239 1953 242 1982 ³
259 1953 348 2024 Vitio
360 1951 444 2020 inter
457 1947 515 2020 alia
529 1943 700 2019 Plutarcho
719 1947 812 2026 datur
823 1973 933 2020 rerum
949 1975 1079 2022 narran-

48 2080 50 2086 ,
81 2145 84 2148 Ι
136 2151 140 2156 .
209 2055 324 2126 duum
335 2037 464 2120 turbata
479 2047 583 2130 feriet,
595 2045 757 2142 negleiiae
769 2065 822 2121 aut
840 2050 989 2122 confusae
998 2068 1079 2124 tem·

160 2165 176 2202 ⁶
209 2177 333 2254 porum
349 2164 465 2231 noue,
488 2164 520 2221 et
534 2151 569 2219 in
585 2147 735 2233 audiere,
760 2150 909 2240 derebus
922 2157 1079 2224 Romanis

209 2277 374 2352 exponere
395 2250 549 2344 audente,
576 2275 645 2322 non
662 2251 795 2324 ferenda
816 2251 949 2346 linguae
962 2253 1080 2326 latinae

72 2381 74 2386 ’
137 2346 147 2352 “
176 2443 178 2447 ,
211 2355 346 2435 inscitia,
362 2376 453 2450 .quae
468 2376 537 2422 non
548 2365 677 2447 poterat
689 2378 757 2424 non
770 2374 846 2424 eum
864 2353 973 2426 multis
990 2379 1079 2427 erro-

210 2455 302 2530 ribus
331 2453 509 2551 implicare.
566 2456 612 2524 Ea
634 2479 678 2525 ne
701 2477 978 2536 commemorem,
995 2479 1079 2554 quae

211 2556 277 2628 hoc
292 2557 327 2626 in
346 2577 464 2646 genere
477 2550 636 2635 Rualdus,
659 2557 793 2638 Dacier,
818 2570 849 2628 et
864 2561 1011 2651 Bryanus
1024 2583 1081 2632 no

212 2655 344 2735 tarum,
368 2660 416 2727 vir
432 2651 571 2736 dolius,
594 2651 760 2738 secontia,
774 2658 809 2726 in
824 2651 957 2734 historia
972 2658 1080 2730 acade-

149 2795 158 2815 -·
212 2760 298 2834 miae
316 2755 469 2855 parifinae
494 2753 672 2828 litterarum
691 2754 937 2850 elegantiorum.
960 2763 1081 2832 T.111‚

9 2932 12 2942 ,
159 2934 164 2943 .
213 2873 248 2932 et
263 2863 319 2930 IV.
352 2860 492 2931 vitarum
513 2855 674 2928 Plutarchi
698 2857 868 2930 nonnullas
896 2856 997 2930 obelis
1021 2858 1080 2930 suis

215 2955 364 3034 distinxit.
413 2961 565 3055 Freretus
591 2956 679 3029 idem
700 2957 779 3028 fecit
800 2964 844 3032 T.
860 2963 913 3031 IX.
939 2959 1082 3053 ejusdem

215 3062 324 3158 operis
348 3061 382 3132 in
406 3053 617 3130 dillertatiohe
638 3056 678 3128 de
694 3057 820 3156 epocha
834 3063 1082 3158 pugnaeMara·

215 3162 364 3246 thanim,
385 3157 442 3229 ubi
460 3163 503 3228 V.
522 3161 562 3232 C.
590 3180 667 3230 eum
684 3162 769 3230 inter
794 3159 852 3230 alia
881 3160 1082 3255 malignitatis

216 3280 292 3352 erga
304 3257 514 3332 Herodotum
535 3273 567 3329 et
582 3255 811 3354 superstitionis
834 3285 929 3333 reum
952 3265 1041 3355 agit,
1065 3288 1083 3333 a

70 3422 76 3438 ,
217 3359 463 3456 quibustamcn
478 3358 579 3436 numi
598 3357 722 3432 morbis
741 3359 946 3460 philosophia
964 3361 1082 3436 debuis-

70 3501 74 3506 -
153 3540 160 3552 x
217 3459 380 3563 ietvirum
396 3457 570 3559 sapientem
585 3455 743 3582 liberare.x
779 3467 864 3536 Non
880 3487 956 3536 raro
975 3464 1086 3636 dpprpf

177 3591 179 3595 ·
958 3593 966 3612 ⁸
1016 3588 1084 3638 ent
